@book{bishop2006prml,
  author    = {Christopher M. Bishop},
  title     = {Pattern Recognition and Machine Learning},
  year      = {2006},
  publisher = {Springer}
}

@article{lecun2015deep,
  author  = {Yann LeCun and Yoshua Bengio and Geoffrey Hinton},
  title   = {Deep learning},
  journal = {Nature},
  volume  = {521},
  number  = {7553},
  pages   = {436--444},
  year    = {2015}
}
